<?xml version="1.0" encoding="UTF-8"?><record xmlns="http://www.loc.gov/MARC21/slim" xmlns:cinclude="http://apache.org/cocoon/include/1.0" xmlns:zs="http://www.loc.gov/zing/srw/">
  <leader>00362nz  a2200133n  4500</leader>
  <controlfield tag="001">no2012099913</controlfield>
  <controlfield tag="003">DLC</controlfield>
  <controlfield tag="005">20120726075242.0</controlfield>
  <controlfield tag="008">120724n| acannaabn          |n aaa     c</controlfield>
  <datafield tag="010" ind1=" " ind2=" ">
    <subfield code="a">no2012099913</subfield>
  </datafield>
  <datafield tag="035" ind1=" " ind2=" ">
    <subfield code="a">(OCoLC)oca09258517</subfield>
  </datafield>
  <datafield tag="040" ind1=" " ind2=" ">
    <subfield code="a">MnU</subfield>
    <subfield code="b">eng</subfield>
    <subfield code="c">MnU</subfield>
  </datafield>
  <datafield tag="100" ind1="1" ind2=" ">
    <subfield code="a">Crouse, Karyn</subfield>
  </datafield>
  <datafield tag="670" ind1=" " ind2=" ">
    <subfield code="a">The boy from Reseda, c2005:</subfield>
    <subfield code="b">p. 2 of cover (edited by ... Karyn Crouse )</subfield>
  </datafield>
</record>